<record xmlns="http://www.loc.gov/MARC21/slim" xmlns:xsi="http://www.w3.org/2001/XMLSchema-instance" xsi:schemaLocation="http://www.loc.gov/MARC21/slim http://www.loc.gov/standards/marcxml/schema/MARC21slim.xsd"><leader>02573nam a2200481   4500</leader><controlfield tag="001">002818863</controlfield><controlfield tag="003">NNU</controlfield><controlfield tag="006">m        d        </controlfield><controlfield tag="007">cr cn |||m|||a</controlfield><controlfield tag="008">150116s1961    sy h    ob    000 0 arard</controlfield><datafield ind1=" " ind2=" " tag="040"><subfield code="a">NNU</subfield><subfield code="b">eng</subfield><subfield code="e">rda</subfield><subfield code="c">NNU</subfield></datafield><datafield ind1=" " ind2="4" tag="050"><subfield code="a">PJ7745.I17</subfield><subfield code="b">Z82 1961</subfield></datafield><datafield ind1=" " ind2="4" tag="050"><subfield code="a">PJ7741.I219</subfield><subfield code="b">M315 1961</subfield></datafield><datafield ind1="1" ind2=" " tag="100"><subfield code="6">880-01</subfield><subfield code="a">Ibn Durayd, Muh&#803;ammad ibn al-H&#803;asan,</subfield><subfield code="d">837 or 838-933.</subfield></datafield><datafield ind1="1" ind2="0" tag="240"><subfield code="6">880-02</subfield><subfield code="a">Maqs&#803;u&#772;rah</subfield></datafield><datafield ind1="1" ind2="0" tag="245"><subfield code="6">880-03</subfield><subfield code="a">Sharh&#803; Maqs&#803;u&#772;rat Ibn Durayd /</subfield><subfield code="c">lil-Khat&#803;i&#772;b al-Tibri&#772;zi&#772;.</subfield></datafield><datafield ind1=" " ind2=" " tag="250"><subfield code="6">880-04</subfield><subfield code="a">al-T&#803;ab&#699;ah 1.</subfield></datafield><datafield ind1=" " ind2=" " tag="260"><subfield code="6">880-05</subfield><subfield code="a">Dimashq :</subfield><subfield code="b">Al-Maktab al-Isla&#772;mi&#772;,</subfield><subfield code="c">1961.</subfield></datafield><datafield ind1=" " ind2=" " tag="300"><subfield code="a">online resource (15, 242 pages) :</subfield><subfield code="b">facsimiles</subfield></datafield><datafield ind1=" " ind2=" " tag="336"><subfield code="a">text</subfield><subfield code="2">rdacontent</subfield></datafield><datafield ind1=" " ind2=" " tag="337"><subfield code="a">computer</subfield><subfield code="2">rdamedia</subfield></datafield><datafield ind1=" " ind2=" " tag="338"><subfield code="a">online resource</subfield><subfield code="2">rdacarrier</subfield></datafield><datafield ind1=" " ind2=" " tag="500"><subfield code="a">Part of the Arabic Collections Online (ACO) project, contributed by New York Univeristy Libraries.</subfield></datafield><datafield ind1=" " ind2=" " tag="504"><subfield code="a">Includes bibliographical references.</subfield></datafield><datafield ind1=" " ind2=" " tag="533"><subfield code="a">Electronic reproduction.</subfield><subfield code="b">New York, N.Y. :</subfield><subfield code="c">New York University,</subfield><subfield code="d">2015.</subfield><subfield code="5">NNU</subfield></datafield><datafield ind1="1" ind2="0" tag="600"><subfield code="a">Ibn Durayd, Muh&#803;ammad ibn al-H&#803;asan,</subfield><subfield code="d">837 or 838-933.</subfield><subfield code="t">Maqs&#803;u&#772;rah.</subfield></datafield><datafield ind1="1" ind2="0" tag="600"><subfield code="a">Ibn Durayd, Muh&#803;ammad ibn al-H&#803;asan,</subfield><subfield code="d">837 or 838-933.</subfield><subfield code="t">Maqs&#803;u&#772;rah al-Duraydi&#772;yah al-s&#803;ughra&#769;.</subfield></datafield><datafield ind1="0" ind2=" " tag="653"><subfield code="a">Ibn Durayd's Maqs&#803;u&#772;rah;</subfield><subfield code="a">interpretation.</subfield></datafield><datafield ind1="1" ind2=" " tag="700"><subfield code="6">880-06</subfield><subfield code="a">Tibri&#772;zi&#772;, Yah&#803;ya&#769; ibn &#699;Ali&#772;,</subfield><subfield code="d">-1109.</subfield></datafield><datafield ind1="2" ind2=" " tag="710"><subfield code="a">New York University.</subfield><subfield code="b">Libraries.</subfield></datafield><datafield ind1="0" ind2=" " tag="730"><subfield code="a">Arabic Collections Online.</subfield></datafield><datafield ind1="0" ind2="8" tag="776"><subfield code="i">Online version:</subfield><subfield code="a">Ibn Durayd, Muh&#803;ammad ibn al-H&#803;asan, 837 or 8-933.</subfield><subfield code="s">Maqs&#803;u&#772;rah.</subfield><subfield code="t">Sharh&#803; Maqs&#803;u&#772;rat Ibn Durayd.</subfield><subfield code="b">al-T&#803;ab&#699;ah 1.</subfield><subfield code="d">Dimashq : Al-Maktab al-Isla&#772;mi&#772;, 1961</subfield><subfield code="w">(OCoLC)586073967</subfield></datafield><datafield ind1="0" ind2="8" tag="776"><subfield code="i">Online version:</subfield><subfield code="a">Ibn Durayd, Muh&#803;ammad ibn al-H&#803;asan, 837 or 8-933.</subfield><subfield code="s">Maqs&#803;u&#772;rah.</subfield><subfield code="t">Sharh&#803; Maqs&#803;u&#772;rat Ibn Durayd.</subfield><subfield code="b">al-T&#803;ab&#699;ah 1.</subfield><subfield code="d">Dimashq : Al-Maktab al-Isla&#772;mi&#772;, 1961</subfield><subfield code="w">(OCoLC)609187852</subfield></datafield><datafield ind1="0" ind2="8" tag="776"><subfield code="i">Print version:</subfield><subfield code="a">Ibn Durayd, Muh&#803;ammad ibn al-H&#803;asan, 837 or 838-933.</subfield><subfield code="t">Sharh&#803; Maqs&#803;u&#772;rat Ibn Durayd</subfield><subfield code="w">(NNU)002818863</subfield><subfield code="w">(DLC)   80968155</subfield></datafield><datafield ind1="4" ind2="0" tag="856"><subfield code="u">http://hdl.handle.net/2333.1/h44j11hd</subfield></datafield><datafield ind1="1" ind2=" " tag="880"><subfield code="6">100-01/</subfield><subfield code="a">&#1575;&#1576;&#1606; &#1583;&#1585;&#1610;&#1583;&#1548; &#1605;&#1581;&#1605;&#1583; &#1576;&#1606; &#1575;&#1604;&#1581;&#1587;&#1606;&#1548;</subfield><subfield code="d">837 or 838-933.</subfield></datafield><datafield ind1="1" ind2="0" tag="880"><subfield code="6">240-02/</subfield><subfield code="a">&#1605;&#1602;&#1589;&#1608;&#1585;&#1577;</subfield></datafield><datafield ind1="1" ind2="0" tag="880"><subfield code="6">245-03/</subfield><subfield code="a">&#1588;&#1585;&#1581; &#1605;&#1602;&#1589;&#1608;&#1585;&#1577; &#1575;&#1576;&#1606; &#1583;&#1585;&#1610;&#1583; /</subfield><subfield code="c">&#1604;&#1604;&#1582;&#1591;&#1610;&#1576; &#1575;&#1604;&#1578;&#1576;&#1585;&#1610;&#1586;&#1610;.</subfield></datafield><datafield ind1=" " ind2=" " tag="880"><subfield code="6">250-04/</subfield><subfield code="a">&#1575;&#1604;&#1591;&#1576;&#1593;&#1577; 1.</subfield></datafield><datafield ind1=" " ind2=" " tag="880"><subfield code="6">260-05/</subfield><subfield code="a">&#1583;&#1605;&#1588;&#1602; :</subfield><subfield code="b">&#1575;&#1604;&#1605;&#1603;&#1578;&#1576; &#1575;&#1604;&#1573;&#1587;&#1604;&#1575;&#1605;&#1610;&#1548;</subfield><subfield code="c">1961.</subfield></datafield><datafield ind1="1" ind2=" " tag="880"><subfield code="6">700-06/</subfield><subfield code="a">&#1588;&#1575;&#1608;&#1610;&#1588;&#1548; &#1605;&#1581;&#1605;&#1583; &#1586;&#1607;&#1610;&#1585;.</subfield></datafield><datafield ind1=" " ind2=" " tag="959"><subfield code="a">NNU</subfield><subfield code="b">WEB</subfield><subfield code="c">GENI</subfield><subfield code="t">0</subfield><subfield code="m">Electronic access</subfield><subfield code="s">01</subfield></datafield><datafield ind1=" " ind2=" " tag="999"><subfield code="i">NNU_002818863</subfield><subfield code="o" /></datafield></record>